% link to info of what types can be used, 'article' is used below
% https://www.overleaf.com/learn/latex/Bibliography_management_with_bibtex#Reference_guide

@article{Terraform:Provisioning,
    author = "HashiCorp",
    title = "Terraform Provisioners",
    url = "https://www.terraform.io/docs/provisioners/index.html"
}

@article{Terraform:Providers,
    author = "HashiCorp",
    title = "Terraform Providers",
    url = "https://www.terraform.io/docs/providers/index.html"
}

@article{Terraform:CommunityProviders,
    author = "HashiCorp",
    title = "Terraform Community Providers",
    url = "https://www.terraform.io/docs/providers/type/community-index.html"
}

@article{Terraform:Backends,
    author = "HashiCorp",
    title = "Terraform Backend Types",
    url = "https://www.terraform.io/docs/backends/types/index.html"
}

@article{Consul:Raft,
    author = "HashiCorp",
    title = "Raft Protocol Overview",
    url = "https://www.consul.io/docs/internals/consensus.html"
}

@article{Consul:Consensus,
    author = "HashiCorp",
    title = "Consul Consensus Table",
    url = "https://www.consul.io/docs/internals/consensus.html#deployment-table"
}

@article{Consul:KV,
    author = "HashiCorp",
    title = "KV Data",
    url = "https://learn.hashicorp.com/consul/getting-started/kv.html"
}

@article{CAP,
    author = "Wikipedia",
    title = "CAP Theorem",
    url = "https://en.wikipedia.org/wiki/CAP_theorem"
}

@article{WebApplication,
    author = "Adrian L Lange",
    title = "Consul Demo App",
    url = "https://github.com/adrialu/consul-web-demo"
}
